@inproceedings{PCE,
  AUTHOR    = { Brain, Martin
                and Hadarean, Liana
                and Kroening, Daniel
                and Martins, Ruben },
  TITLE     = { Automatic Generation of Propagation Complete SAT Encodings },
  BOOKTITLE = { Verification, Model Checking, and Abstract Interpretation (VMCAI) },
  YEAR      = { 2016 },
  PUBLISHER = { Springer },
  PAGES     = { 536--556 },
  ISBN      = { 978-3-662-49121-8 },
  SERIES    = { Lecture Notes in Computer Science },
  VOLUME    = { 9583 },
}

@misc{sat.hs,
  author = {gatlin},
  title = {{sat.hs}},
  howpublished = "\url{https://gist.github.com/gatlin/1755736}",
  year = {2012}, 
  note = "[Online; accessed June-2016]"
}
